@book{manual,
     AUTHOR = {Barrett Technology Inc},
     TITLE = {BarrettHand BH8-Series User manual Firmware Version 4.3x},
     YEAR = {2008}
}

@book{interface,
     AUTHOR = {Barrett Technology Inc},
     TITLE = {BarrettHand BHControl Interface Manual},
     YEAR = {2008}
}

@book{library,
     AUTHOR = {Barrett Technology Inc},
     TITLE = {BH8 C-function Library Manual Version 4.3x},
     YEAR = {2008}
}
